<?xml version="1.0" encoding="UTF-8"?><collection xmlns="http://www.loc.gov/MARC21/slim"><record><leader>00331nam--2200121-i-4500</leader><controlfield tag="001">000039031</controlfield><controlfield tag="002">20161230</controlfield><controlfield tag="005">20161230201042</controlfield><controlfield tag="008">060222s1000------------r-----000-0-eng-d</controlfield><datafield ind1=" " ind2=" " tag="100"><subfield code="a">Reynolds, John Herschel</subfield></datafield><datafield ind1=" " ind2=" " tag="245"><subfield code="a">The effects of nitrogen substitution on aromaticity</subfield></datafield><datafield ind1=" " ind2=" " tag="260"><subfield code="a">Univ.Of Washington, 1964, Vi + 110p</subfield></datafield><datafield ind1=" " ind2=" " tag="852"><subfield code="a">24035</subfield></datafield></record></collection>